@book{
mcgrain1990music,
    title={Music Notation: Theory and Technique for Music Notation},
    author={McGrain, M.},
    isbn={9780793508471},
    lccn={90191598},
    series={Berklee guide},
    url={https://books.google.cz/books?id=S\_y7JAZqx6QC},
    year={1990},
    publisher={Berklee Press}
}

@misc{
an-explanation-of-clefs,
    author = "Reference",
    title = "An Explanation of Clefs: Treble, Bass, Alto, Tenor",
    url = "https://makingmusicmag.com/explanation-clefs-treble-bass-alto-tenor/",
    type = "web page",
    note = "[Cited 2019-10-05]"
}

@misc{
time-signature,
    author = "The Editors of Encyclopaedia Britannica",
    title = "Time signature",
    url = "https://www.britannica.com/art/time-signature",
    publisher = "Encyclopædia Britannica, inc.",
    year = 2017,
    month = 11,
    day = 17,
    type = "web page",
    note = "[Cited 2019-10-23]"
}

@article{
melody-transcription-from-music-audio,
    author = {Poliner, G.E. and Ellis, D.P.W. and Ehmann, A.F. and Gómez, Emilia and Streich, Sebastian and Ong, Beesuan},
    year = {2007},
    month = {06},
    pages = {1247 - 1256},
    title = {Melody Transcription From Music Audio: Approaches and Evaluation},
    volume = {15},
    journal = {Audio, Speech, and Language Processing, IEEE Transactions on},
    doi = {10.1109/TASL.2006.889797}
}